@MISC{mandel_wiki,
    HOWPUBLISHED = "\url{https://en.wikipedia.org/wiki/Mandelbrot_set}",
    AUTHOR = "Wikipedia",
    TITLE = "Mandelbrot Set",
    MONTH = "2023",
    YEAR = "May",
    NOTE = "Accessed on 7 Jun 2023"
}