@MISC{mandel_wiki,
    HOWPUBLISHED = "\url{https://en.wikipedia.org/wiki/Mandelbrot_set}",
    AUTHOR = "Wikipedia",
    TITLE = "Mandelbrot Set",
    MONTH = "May",
    YEAR = "2023",
    NOTE = "Accessed on 7 Jun 2023"
}

@MISC{mandel_orig,
    HOWPUBLISHED = "\url{http://selkie.macalester.edu/csinparallel/modules/CUDAArchitecture/build/html/1-Mandelbrot/Mandelbrot.html}",
    AUTHOR = "Libby Shoop",
    TITLE = "Mandelbrot Test Code",
    PUBLISHER = "Macalester College",
    MONTH = "Aug",
    YEAR = "2014",
    NOTE = "Accessed on 3 Jun 2023"
}